@Book{bkApuntesLing,
  author={Mu\~{n}oz, F. And et.al., A.},
  title = 	 {Apuntes de Ling\"u\'istica de la Lengua de Signos Espa\~{n}ola},
  publisher = 	 {Fundaci\'on CNSE},
  year = 	 2002
}

@Manual{tchDiscapnet,
	author = {Discapnet},
	title = {Discapacidad auditiva. {\uppercase{d}isponible} en \url{https://www.discapnet.es/areas-tematicas/salud/discapacidades/auditivas/discapacidad-auditiva}},
	institution = {Discapnet},
	year = 2019
}

@Manual{tchSAAC,
	author = {ARASAAC},
	title = {Qu\'e son los  {\uppercase{SAAC}}.  {\uppercase{d}isponible} en \url{http://www.arasaac.org/aac.php}},
	institution = {ARASAAC},
	year = 2019
}

@Manual{tchW3C,
	author = {Booth, D. And Haas, H. And McCabe, F. And Newcomer, E. And Michael, I. And Ferris,C. And Orchard, D},
	title = {Web services architecture.  {\uppercase{d}isponible} en \url{https://www.w3.org/TR/ws-arch/}},
	institution = {W3C},
	year = 2004
}

@Book{tchSimGest,
  author = {Torres, S.},
  title = 	 {Sistemas alternativos de comunicaci\'on.},
  publisher = 	 {Ed. Aljibe},
  year = 	 2001
}

  
 @Book{tchVerbos,
  author = {Fern\'andez, A.M.},
  title = 	 {La cantidad a manos llenas. {\uppercase{L}a} expresi\'on de la cuantificaci\'on en la {\uppercase{L}engua} de {\uppercase{S}ignos} {\uppercase{E}spa\~{n}ola}},
  publisher = 	 {Fundaci\'on CNSE},
  year = 	 2008
}

@Article {artPLN1,
	author = {Cortez V\'asquez, M. A. And Vega Huerta, H. And Pariona Quispe, J.'},
	title = {Procesamiento de lenguaje natural},
	journal = {Revista de Ingenier\'ia de Sistemas e Inform\'atica},
	year = {2009}
}
	
@MasterThesis {artPLN2,
	author = {Orellana Cordero, M. And Trujillo Orellana, A. A.'},
	title = {Evaluaci\'n de t\'ecnicas de procesamiento de lenguaje natural para textos cortos en lenguaje espa\~{n}ol},
	school = {Universidad del Azuay},
	year = {2018}
}


@Manual{tchFlask1,
	author = {Openwebinars},
	title = {Qu\'e es Flask.  {\uppercase{d}isponible} en \url{https://openwebinars.net/blog/que-es-flask/}},
	institution = {Flask},
	year = 2019
}

@Manual{tchBSD,
	author = {{Wikis FDI}},
	title = {Qu\'e es la licencia {\uppercase{BSD}}. {\uppercase{d}isponible} en \url{http://wikis.fdi.ucm.es/ELP/Licencia_BSD}},
	institution = {BSD},
	year = 2017
}


@Manual{tchDesarrolloWeb,
	author = {\'Alvarez, M. A.},
	title = {Qu\'e es {\uppercase{p}ython}. {\uppercase{d}isponible} en \url{https://desarrolloweb.com/articulos/1325.php}},
	institution = {Desarrollo Web},
	year = 2003
}

@Manual{tchPython,
	author = {{Python {\uppercase{s}oftware} {\uppercase{f}oundation}}},
	title = {History and {\uppercase{l}icense}. {\uppercase{d}isponible} en \url{https://docs.python.org/3/license.html}},
	institution = {Python {\uppercase{s}oftware} {\uppercase{f}oundation}},
	year = 2020

}


@Manual{tchSOAP,
	author = {{IBM {\uppercase{c}orporation}}},
	title = {Qu\'e es un servicio web. {\uppercase{d}isponible} en \url{https://www.ibm.com/support/knowledgecenter/es/SSMKHH_9.0.0/com.ibm.etools.mft.doc/ac55710_.html}},
	institution = {IBM {\uppercase{c}orporation}},
	year = 2014

}

@Manual{tchREST,
	author = { José {\uppercase{m}anuel} {\uppercase{r}osa} {\uppercase{m}oncayo}   },
	title = {Qu\'e es REST. Conoce su potencia. {\uppercase{d}isponible} en \url{https://openwebinars.net/blog/que-es-rest-conoce-su-potencia/}},
	institution = {Open {\uppercase{w}ebinars}},
	year = 2018
}

@Manual{tchMetAgiles,
	author = {{Iebschool}},
	title = {Metodolog\'ias \'Agiles. {\uppercase{d}isponible} en \url{https://www.iebschool.com/blog/que-son-metodologias-agiles-agile-scrum/#metodologias_agiles}},
	institution = {IEBSchool},
	year = 2019
}

@Manual{tchKanban1,
	author = {{Iebschool}},
	title = {Qu\'e es {\uppercase{k}anban}. {\uppercase{d}isponible} en \url{https://www.iebschool.com/blog/metodologia-kanban-agile-scrum/}},
	institution = {IEBSchool},
	year = 2013
}

@Manual{tchKanban2,
	author = {{Kanbantool}},
	title = {Metodolog\'ias \'Agiles. {\uppercase{d}isponible} en \url{https://kanbantool.com/es/metodologia-kanban}},
	institution = {Kanbantool},
	year = 2019

}

@Manual{tchWIP,
	author = {{Kanbanize}},
	title = {Qu\'e es un l\'imite {\uppercase{k}anban}. {\uppercase{P}or} qu\'e lo necesita. {\uppercase{d}isponible} en \url{https://kanbanize.com/es/recursos-de-kanban/primeros-pasos/que-es-limite-wip/}},
	institution = {{Kanbanize}},
	year = 2020
}

@Manual{proxyInverso,
	author = {{IONOS}},
	title = {Servidor Proxy Inverso. {\uppercase{d}isponible} en \url{https://www.ionos.es/digitalguide/servidores/know-how/que-es-un-servidor-proxy-inverso/}},
	institution = {IONOS},
	year = 2020
}

Article (artículo): Un artículo publicado en una revista. Campos obligatorios:
author, title, journal y year. Opcionales: volume, number, pages y
month.